@article{athey2021matrix,
  title={Matrix completion methods for causal panel data models},
  author={Athey, Susan and Bayati, Mohsen and Doudchenko, Nikolay and Imbens, Guido and Khosravi, Khashayar},
  journal={Journal of the American Statistical Association},
  volume={116},
  number={536},
  pages={1716--1730},
  year={2021},
  publisher={Taylor \& Francis}
}

@article{abadie2010synthetic,
  title={Synthetic control methods for comparative case studies: Estimating the effect of Californiaâ€™s tobacco control program},
  author={Abadie, Alberto and Diamond, Alexis and Hainmueller, Jens},
  journal={Journal of the American statistical Association},
  volume={105},
  number={490},
  pages={493--505},
  year={2010},
  publisher={Taylor \& Francis}
}

@article{rubin1974estimating,
  title={Estimating causal effects of treatments in randomized and nonrandomized studies.},
  author={Rubin, Donald B},
  journal={Journal of educational Psychology},
  volume={66},
  number={5},
  pages={688},
  year={1974},
  publisher={American Psychological Association}
}